@misc{gemifikaciaPandemia,
  title={Using Digital Tools for Gamification in Schools}, 
  author={Vrcelj, Ana and Hoić-Božicć, Nataša and Dlab, Martina Holenko},
  booktitle={2021 44th International Convention on Information, Communication and Electronic Technology (MIPRO)}, 
  year={2021}
}

@misc{gemifikaciaNaSkole-1,
  title={An empirical study of gamification impact on e-Learning environment}, 
  author={Amriani, Afifa and Aji, Alham F. and Utomo, Andika Y. and Junus, Kasiyah M.},
  booktitle={Proceedings of 2013 3rd International Conference on Computer Science and Network Technology}, 
  year={2013}
}

@book{pettyEd,
  title     = "Moderné vyučovanie",
  author    = "Petty\, G. \& Foltýn, J.",
  publisher = "Portál",
  year      =  {2013}
}

@misc{7795662,
  title={Using gamification to motivate human cooperation in a lane-change scenario}, 
  author={Lütteken, Niklas and Zimmermann, Markus and Bengler, Klaus J.},
  booktitle={2016 IEEE 19th International Conference on Intelligent Transportation Systems (ITSC)}, 
  year={2016}
}